<?xml version="1.0" encoding="UTF-8"?><collection xmlns="http://www.loc.gov/MARC21/slim"><record><leader>00437nam--2200157-i-4500</leader><controlfield tag="001">000008325</controlfield><controlfield tag="002">20161230</controlfield><controlfield tag="005">20170208001541</controlfield><controlfield tag="008">060222s1000------------r-----000-0-eng-d</controlfield><datafield ind1=" " ind2=" " tag="100"><subfield code="a">Candes, P</subfield></datafield><datafield ind1=" " ind2=" " tag="245"><subfield code="a">Confinement des rejets radioactifs dans les centrales nucleaires</subfield></datafield><datafield ind1=" " ind2=" " tag="260"><subfield code="a">Vienne</subfield><subfield code="b">Service D Etudes De Surete Radiologiqu E</subfield><subfield code="c">1967</subfield></datafield><datafield ind1=" " ind2=" " tag="300"><subfield code="a">9 p</subfield></datafield><datafield ind1=" " ind2=" " tag="700"><subfield code="a">Lavie, Jm</subfield></datafield><datafield ind1=" " ind2=" " tag="852"><subfield code="a">621.039.7</subfield></datafield><datafield ind1=" " ind2=" " tag="CAT"><subfield code="a">SYS</subfield><subfield code="c">20170208</subfield><subfield code="h">001541</subfield></datafield></record></collection>